@article{refarticle,
 author = {},
 title = {},
 journal = {},
 issue_date = {},
 volume = {},
 number = {},
 month = jun,
 year = {},
 issn = {},
 pages = {},
 numpages = {},
 url = {},
 doi = {},
 acmid = {},
 publisher = {},
 address = {},
 keywords = {},
}
